{
  "meta": {
    "dataset": "Contoh transaksi penjualan (dummy/sintetis)",
    "generated_at": "2026-01-30",
    "currency": "IDR"
  },
  "rows": [
    {
      "orderId": "ORD-00001",
      "date": "2025-01-10",
      "region": "Sumatera",
      "channel": "Online",
      "category": "Makanan Berkuah",
      "product": "Ramen Cup",
      "brand": "Rasa Food",
      "units": 9,
      "revenue": 109512,
      "cost": 60093
    },
    {
      "orderId": "ORD-00002",
      "date": "2025-02-25",
      "region": "Jakarta",
      "channel": "Online",
      "category": "Minuman",
      "product": "Kopi Susu",
      "brand": "Dapoer Kitchen",
      "units": 7,
      "revenue": 44023,
      "cost": 18586
    },
    {
      "orderId": "ORD-00003",
      "date": "2025-01-29",
      "region": "Kalimantan",
      "channel": "Online",
      "category": "Makanan Manis",
      "product": "Brownies",
      "brand": "Dapoer Kitchen",
      "units": 11,
      "revenue": 486277,
      "cost": 308452
    },
    {
      "orderId": "ORD-00004",
      "date": "2025-01-06",
      "region": "Jakarta",
      "channel": "Retail",
      "category": "Minuman",
      "product": "Isotonik",
      "brand": "Kriuk Snack",
      "units": 9,
      "revenue": 75267,
      "cost": 32883
    },
    {
      "orderId": "ORD-00005",
      "date": "2025-03-13",
      "region": "Kalimantan",
      "channel": "Distributor",
      "category": "Minuman",
      "product": "Teh Botol",
      "brand": "Dapoer Kitchen",
      "units": 11,
      "revenue": 109142,
      "cost": 41574
    },
    {
      "orderId": "ORD-00006",
      "date": "2025-03-14",
      "region": "Jakarta",
      "channel": "Online",
      "category": "Makanan Pedas",
      "product": "Basreng",
      "brand": "Dapoer Kitchen",
      "units": 1,
      "revenue": 19497,
      "cost": 9728
    },
    {
      "orderId": "ORD-00007",
      "date": "2025-02-16",
      "region": "Sumatera",
      "channel": "Marketplace",
      "category": "Makanan Manis",
      "product": "Puding Cup",
      "brand": "Kriuk Snack",
      "units": 5,
      "revenue": 111400,
      "cost": 65538
    },
    {
      "orderId": "ORD-00008",
      "date": "2025-04-23",
      "region": "Jawa Timur",
      "channel": "Marketplace",
      "category": "Makanan Berat",
      "product": "Wrap",
      "brand": "Rasa Food",
      "units": 6,
      "revenue": 212484,
      "cost": 112137
    },
    {
      "orderId": "ORD-00009",
      "date": "2025-04-07",
      "region": "Sumatera",
      "channel": "Retail",
      "category": "Makanan Berat",
      "product": "Wrap",
      "brand": "Segar Co.",
      "units": 6,
      "revenue": 95760,
      "cost": 67222
    },
    {
      "orderId": "ORD-00010",
      "date": "2025-02-13",
      "region": "Kalimantan",
      "channel": "Distributor",
      "category": "Makanan Berat",
      "product": "Rice Bowl",
      "brand": "Dapoer Kitchen",
      "units": 12,
      "revenue": 347388,
      "cost": 212073
    },
    {
      "orderId": "ORD-00011",
      "date": "2025-03-02",
      "region": "Jakarta",
      "channel": "Distributor",
      "category": "Makanan Manis",
      "product": "Brownies",
      "brand": "Nusantara Bites",
      "units": 12,
      "revenue": 123108,
      "cost": 45328
    },
    {
      "orderId": "ORD-00012",
      "date": "2025-04-24",
      "region": "Jawa Timur",
      "channel": "Marketplace",
      "category": "Minuman",
      "product": "Isotonik",
      "brand": "Segar Co.",
      "units": 11,
      "revenue": 169070,
      "cost": 60319
    },
    {
      "orderId": "ORD-00013",
      "date": "2025-03-05",
      "region": "Kalimantan",
      "channel": "Online",
      "category": "Makanan Berkuah",
      "product": "Ramen Cup",
      "brand": "Kriuk Snack",
      "units": 1,
      "revenue": 20300,
      "cost": 13346
    },
    {
      "orderId": "ORD-00014",
      "date": "2025-01-11",
      "region": "Sumatera",
      "channel": "Marketplace",
      "category": "Makanan Pedas",
      "product": "Cimol Pedas",
      "brand": "Nusantara Bites",
      "units": 3,
      "revenue": 106311,
      "cost": 50019
    },
    {
      "orderId": "ORD-00015",
      "date": "2025-04-01",
      "region": "Kalimantan",
      "channel": "Distributor",
      "category": "Makanan Pedas",
      "product": "Cimol Pedas",
      "brand": "Segar Co.",
      "units": 7,
      "revenue": 206584,
      "cost": 114616
    },
    {
      "orderId": "ORD-00016",
      "date": "2025-01-20",
      "region": "Jakarta",
      "channel": "Retail",
      "category": "Makanan Pedas",
      "product": "Makaroni Pedas",
      "brand": "Dapoer Kitchen",
      "units": 4,
      "revenue": 85164,
      "cost": 30116
    },
    {
      "orderId": "ORD-00017",
      "date": "2025-01-19",
      "region": "Jawa Timur",
      "channel": "Online",
      "category": "Makanan Pedas",
      "product": "Basreng",
      "brand": "Dapoer Kitchen",
      "units": 7,
      "revenue": 287238,
      "cost": 132352
    },
    {
      "orderId": "ORD-00018",
      "date": "2025-02-28",
      "region": "Sulawesi",
      "channel": "Online",
      "category": "Makanan Berkuah",
      "product": "Ramen Cup",
      "brand": "Segar Co.",
      "units": 11,
      "revenue": 469172,
      "cost": 260833
    },
    {
      "orderId": "ORD-00019",
      "date": "2025-01-08",
      "region": "Sumatera",
      "channel": "Marketplace",
      "category": "Makanan Manis",
      "product": "Brownies",
      "brand": "Segar Co.",
      "units": 4,
      "revenue": 41652,
      "cost": 26882
    },
    {
      "orderId": "ORD-00020",
      "date": "2025-01-14",
      "region": "Jawa Timur",
      "channel": "Online",
      "category": "Makanan Pedas",
      "product": "Keripik Pedas",
      "brand": "Rasa Food",
      "units": 1,
      "revenue": 43144,
      "cost": 17058
    },
    {
      "orderId": "ORD-00021",
      "date": "2025-04-22",
      "region": "Jakarta",
      "channel": "Online",
      "category": "Makanan Berkuah",
      "product": "Laksa Cup",
      "brand": "Nusantara Bites",
      "units": 4,
      "revenue": 122624,
      "cost": 60099
    },
    {
      "orderId": "ORD-00022",
      "date": "2025-01-16",
      "region": "Jawa Timur",
      "channel": "Marketplace",
      "category": "Makanan Berkuah",
      "product": "Laksa Cup",
      "brand": "Segar Co.",
      "units": 2,
      "revenue": 75972,
      "cost": 54558
    },
    {
      "orderId": "ORD-00023",
      "date": "2025-01-19",
      "region": "Jawa Timur",
      "channel": "Online",
      "category": "Makanan Manis",
      "product": "Donat Mini",
      "brand": "Segar Co.",
      "units": 2,
      "revenue": 56908,
      "cost": 32557
    },
    {
      "orderId": "ORD-00024",
      "date": "2025-03-09",
      "region": "Jakarta",
      "channel": "Retail",
      "category": "Makanan Pedas",
      "product": "Seblak Kering",
      "brand": "Rasa Food",
      "units": 6,
      "revenue": 93642,
      "cost": 52160
    },
    {
      "orderId": "ORD-00025",
      "date": "2025-03-31",
      "region": "Sulawesi",
      "channel": "Online",
      "category": "Minuman",
      "product": "Sari Buah",
      "brand": "Kriuk Snack",
      "units": 5,
      "revenue": 104930,
      "cost": 48269
    },
    {
      "orderId": "ORD-00026",
      "date": "2025-03-23",
      "region": "Kalimantan",
      "channel": "Distributor",
      "category": "Makanan Berkuah",
      "product": "Ramen Cup",
      "brand": "Segar Co.",
      "units": 4,
      "revenue": 75156,
      "cost": 50177
    },
    {
      "orderId": "ORD-00027",
      "date": "2025-02-15",
      "region": "Kalimantan",
      "channel": "Marketplace",
      "category": "Makanan Pedas",
      "product": "Makaroni Pedas",
      "brand": "Nusantara Bites",
      "units": 12,
      "revenue": 94788,
      "cost": 61317
    },
    {
      "orderId": "ORD-00028",
      "date": "2025-02-27",
      "region": "Jawa Barat",
      "channel": "Distributor",
      "category": "Makanan Manis",
      "product": "Puding Cup",
      "brand": "Nusantara Bites",
      "units": 12,
      "revenue": 346872,
      "cost": 220784
    },
    {
      "orderId": "ORD-00029",
      "date": "2025-03-02",
      "region": "Jakarta",
      "channel": "Retail",
      "category": "Makanan Berat",
      "product": "Pasta Cup",
      "brand": "Dapoer Kitchen",
      "units": 4,
      "revenue": 112532,
      "cost": 56849
    },
    {
      "orderId": "ORD-00030",
      "date": "2025-04-13",
      "region": "Sumatera",
      "channel": "Distributor",
      "category": "Minuman",
      "product": "Teh Botol",
      "brand": "Rasa Food",
      "units": 11,
      "revenue": 74558,
      "cost": 44764
    },
    {
      "orderId": "ORD-00031",
      "date": "2025-02-25",
      "region": "Sumatera",
      "channel": "Retail",
      "category": "Makanan Manis",
      "product": "Biskuit",
      "brand": "Segar Co.",
      "units": 11,
      "revenue": 305701,
      "cost": 114951
    },
    {
      "orderId": "ORD-00032",
      "date": "2025-04-03",
      "region": "Sulawesi",
      "channel": "Online",
      "category": "Makanan Manis",
      "product": "Donat Mini",
      "brand": "Rasa Food",
      "units": 3,
      "revenue": 51423,
      "cost": 33319
    },
    {
      "orderId": "ORD-00033",
      "date": "2025-03-20",
      "region": "Sumatera",
      "channel": "Retail",
      "category": "Makanan Pedas",
      "product": "Seblak Kering",
      "brand": "Nusantara Bites",
      "units": 10,
      "revenue": 370870,
      "cost": 202933
    },
    {
      "orderId": "ORD-00034",
      "date": "2025-01-03",
      "region": "Kalimantan",
      "channel": "Retail",
      "category": "Makanan Pedas",
      "product": "Seblak Kering",
      "brand": "Kriuk Snack",
      "units": 1,
      "revenue": 12735,
      "cost": 6469
    },
    {
      "orderId": "ORD-00035",
      "date": "2025-02-02",
      "region": "Jawa Barat",
      "channel": "Online",
      "category": "Makanan Manis",
      "product": "Biskuit",
      "brand": "Dapoer Kitchen",
      "units": 4,
      "revenue": 100796,
      "cost": 50433
    },
    {
      "orderId": "ORD-00036",
      "date": "2025-04-17",
      "region": "Kalimantan",
      "channel": "Marketplace",
      "category": "Makanan Berkuah",
      "product": "Soto Instan",
      "brand": "Nusantara Bites",
      "units": 3,
      "revenue": 29973,
      "cost": 20852
    },
    {
      "orderId": "ORD-00037",
      "date": "2025-04-16",
      "region": "Kalimantan",
      "channel": "Marketplace",
      "category": "Makanan Manis",
      "product": "Waffle",
      "brand": "Dapoer Kitchen",
      "units": 9,
      "revenue": 131121,
      "cost": 66812
    },
    {
      "orderId": "ORD-00038",
      "date": "2025-03-19",
      "region": "Sumatera",
      "channel": "Retail",
      "category": "Minuman",
      "product": "Teh Botol",
      "brand": "Segar Co.",
      "units": 1,
      "revenue": 8908,
      "cost": 3578
    },
    {
      "orderId": "ORD-00039",
      "date": "2025-02-11",
      "region": "Kalimantan",
      "channel": "Online",
      "category": "Minuman",
      "product": "Teh Botol",
      "brand": "Segar Co.",
      "units": 11,
      "revenue": 230835,
      "cost": 117545
    },
    {
      "orderId": "ORD-00040",
      "date": "2025-01-25",
      "region": "Jakarta",
      "channel": "Retail",
      "category": "Makanan Berat",
      "product": "Wrap",
      "brand": "Dapoer Kitchen",
      "units": 5,
      "revenue": 43825,
      "cost": 28859
    },
    {
      "orderId": "ORD-00041",
      "date": "2025-02-26",
      "region": "Jakarta",
      "channel": "Online",
      "category": "Makanan Manis",
      "product": "Waffle",
      "brand": "Kriuk Snack",
      "units": 6,
      "revenue": 234786,
      "cost": 124869
    },
    {
      "orderId": "ORD-00042",
      "date": "2025-03-06",
      "region": "Kalimantan",
      "channel": "Marketplace",
      "category": "Makanan Berkuah",
      "product": "Tom Yum Cup",
      "brand": "Nusantara Bites",
      "units": 4,
      "revenue": 161156,
      "cost": 110660
    },
    {
      "orderId": "ORD-00043",
      "date": "2025-02-23",
      "region": "Sumatera",
      "channel": "Retail",
      "category": "Minuman",
      "product": "Kopi Susu",
      "brand": "Rasa Food",
      "units": 2,
      "revenue": 33712,
      "cost": 16271
    },
    {
      "orderId": "ORD-00044",
      "date": "2025-03-27",
      "region": "Jakarta",
      "channel": "Retail",
      "category": "Makanan Pedas",
      "product": "Cimol Pedas",
      "brand": "Kriuk Snack",
      "units": 5,
      "revenue": 70090,
      "cost": 43393
    },
    {
      "orderId": "ORD-00045",
      "date": "2025-03-01",
      "region": "Jawa Timur",
      "channel": "Retail",
      "category": "Makanan Berkuah",
      "product": "Ramen Cup",
      "brand": "Segar Co.",
      "units": 4,
      "revenue": 48672,
      "cost": 27136
    },
    {
      "orderId": "ORD-00046",
      "date": "2025-03-07",
      "region": "Jawa Barat",
      "channel": "Marketplace",
      "category": "Makanan Pedas",
      "product": "Makaroni Pedas",
      "brand": "Nusantara Bites",
      "units": 7,
      "revenue": 197568,
      "cost": 94118
    },
    {
      "orderId": "ORD-00047",
      "date": "2025-01-03",
      "region": "Sulawesi",
      "channel": "Distributor",
      "category": "Makanan Berkuah",
      "product": "Bakso Kuah",
      "brand": "Rasa Food",
      "units": 6,
      "revenue": 253860,
      "cost": 145675
    },
    {
      "orderId": "ORD-00048",
      "date": "2025-03-07",
      "region": "Kalimantan",
      "channel": "Distributor",
      "category": "Makanan Manis",
      "product": "Puding Cup",
      "brand": "Kriuk Snack",
      "units": 2,
      "revenue": 26790,
      "cost": 17294
    },
    {
      "orderId": "ORD-00049",
      "date": "2025-01-06",
      "region": "Jawa Timur",
      "channel": "Distributor",
      "category": "Makanan Berat",
      "product": "Rice Bowl",
      "brand": "Segar Co.",
      "units": 3,
      "revenue": 71169,
      "cost": 46549
    },
    {
      "orderId": "ORD-00050",
      "date": "2025-03-31",
      "region": "Jawa Barat",
      "channel": "Marketplace",
      "category": "Makanan Berkuah",
      "product": "Tom Yum Cup",
      "brand": "Kriuk Snack",
      "units": 6,
      "revenue": 71172,
      "cost": 37390
    },
    {
      "orderId": "ORD-00051",
      "date": "2025-03-23",
      "region": "Jawa Timur",
      "channel": "Online",
      "category": "Makanan Manis",
      "product": "Brownies",
      "brand": "Kriuk Snack",
      "units": 2,
      "revenue": 46150,
      "cost": 17312
    },
    {
      "orderId": "ORD-00052",
      "date": "2025-01-02",
      "region": "Jakarta",
      "channel": "Marketplace",
      "category": "Makanan Berat",
      "product": "Burger Mini",
      "brand": "Nusantara Bites",
      "units": 6,
      "revenue": 253470,
      "cost": 142652
    },
    {
      "orderId": "ORD-00053",
      "date": "2025-01-15",
      "region": "Jakarta",
      "channel": "Retail",
      "category": "Minuman",
      "product": "Kopi Susu",
      "brand": "Kriuk Snack",
      "units": 3,
      "revenue": 37743,
      "cost": 13780
    },
    {
      "orderId": "ORD-00054",
      "date": "2025-02-07",
      "region": "Kalimantan",
      "channel": "Retail",
      "category": "Makanan Berkuah",
      "product": "Soto Instan",
      "brand": "Nusantara Bites",
      "units": 8,
      "revenue": 310184,
      "cost": 195876
    },
    {
      "orderId": "ORD-00055",
      "date": "2025-01-02",
      "region": "Jawa Timur",
      "channel": "Online",
      "category": "Makanan Berkuah",
      "product": "Bakso Kuah",
      "brand": "Kriuk Snack",
      "units": 1,
      "revenue": 39138,
      "cost": 23435
    },
    {
      "orderId": "ORD-00056",
      "date": "2025-01-14",
      "region": "Jawa Barat",
      "channel": "Marketplace",
      "category": "Minuman",
      "product": "Isotonik",
      "brand": "Segar Co.",
      "units": 11,
      "revenue": 278322,
      "cost": 133498
    },
    {
      "orderId": "ORD-00057",
      "date": "2025-03-30",
      "region": "Kalimantan",
      "channel": "Distributor",
      "category": "Minuman",
      "product": "Isotonik",
      "brand": "Kriuk Snack",
      "units": 4,
      "revenue": 46088,
      "cost": 20869
    },
    {
      "orderId": "ORD-00058",
      "date": "2025-01-02",
      "region": "Jakarta",
      "channel": "Retail",
      "category": "Makanan Manis",
      "product": "Puding Cup",
      "brand": "Rasa Food",
      "units": 2,
      "revenue": 45500,
      "cost": 21805
    },
    {
      "orderId": "ORD-00059",
      "date": "2025-03-18",
      "region": "Kalimantan",
      "channel": "Distributor",
      "category": "Makanan Berat",
      "product": "Bento",
      "brand": "Kriuk Snack",
      "units": 4,
      "revenue": 100820,
      "cost": 46600
    },
    {
      "orderId": "ORD-00060",
      "date": "2025-02-03",
      "region": "Sumatera",
      "channel": "Online",
      "category": "Makanan Pedas",
      "product": "Basreng",
      "brand": "Dapoer Kitchen",
      "units": 6,
      "revenue": 165336,
      "cost": 106110
    },
    {
      "orderId": "ORD-00061",
      "date": "2025-01-28",
      "region": "Jakarta",
      "channel": "Distributor",
      "category": "Makanan Berkuah",
      "product": "Ramen Cup",
      "brand": "Segar Co.",
      "units": 6,
      "revenue": 107940,
      "cost": 48604
    },
    {
      "orderId": "ORD-00062",
      "date": "2025-02-01",
      "region": "Jawa Timur",
      "channel": "Retail",
      "category": "Makanan Berat",
      "product": "Bento",
      "brand": "Rasa Food",
      "units": 9,
      "revenue": 56916,
      "cost": 27008
    },
    {
      "orderId": "ORD-00063",
      "date": "2025-02-20",
      "region": "Kalimantan",
      "channel": "Online",
      "category": "Makanan Pedas",
      "product": "Cimol Pedas",
      "brand": "Kriuk Snack",
      "units": 1,
      "revenue": 25637,
      "cost": 11313
    },
    {
      "orderId": "ORD-00064",
      "date": "2025-03-26",
      "region": "Kalimantan",
      "channel": "Retail",
      "category": "Makanan Berat",
      "product": "Wrap",
      "brand": "Segar Co.",
      "units": 12,
      "revenue": 378324,
      "cost": 248318
    },
    {
      "orderId": "ORD-00065",
      "date": "2025-01-06",
      "region": "Sulawesi",
      "channel": "Retail",
      "category": "Makanan Pedas",
      "product": "Basreng",
      "brand": "Dapoer Kitchen",
      "units": 12,
      "revenue": 475416,
      "cost": 255869
    },
    {
      "orderId": "ORD-00066",
      "date": "2025-04-16",
      "region": "Kalimantan",
      "channel": "Online",
      "category": "Makanan Pedas",
      "product": "Seblak Kering",
      "brand": "Kriuk Snack",
      "units": 11,
      "revenue": 487047,
      "cost": 287061
    },
    {
      "orderId": "ORD-00067",
      "date": "2025-03-23",
      "region": "Jakarta",
      "channel": "Retail",
      "category": "Makanan Berat",
      "product": "Rice Bowl",
      "brand": "Segar Co.",
      "units": 6,
      "revenue": 77250,
      "cost": 42618
    },
    {
      "orderId": "ORD-00068",
      "date": "2025-03-22",
      "region": "Sulawesi",
      "channel": "Online",
      "category": "Minuman",
      "product": "Teh Botol",
      "brand": "Nusantara Bites",
      "units": 9,
      "revenue": 236736,
      "cost": 100226
    },
    {
      "orderId": "ORD-00069",
      "date": "2025-03-26",
      "region": "Jakarta",
      "channel": "Online",
      "category": "Makanan Berat",
      "product": "Bento",
      "brand": "Segar Co.",
      "units": 9,
      "revenue": 92952,
      "cost": 60544
    },
    {
      "orderId": "ORD-00070",
      "date": "2025-04-04",
      "region": "Jawa Timur",
      "channel": "Retail",
      "category": "Makanan Berkuah",
      "product": "Bakso Kuah",
      "brand": "Segar Co.",
      "units": 4,
      "revenue": 84484,
      "cost": 54894
    },
    {
      "orderId": "ORD-00071",
      "date": "2025-04-27",
      "region": "Jakarta",
      "channel": "Marketplace",
      "category": "Makanan Manis",
      "product": "Donat Mini",
      "brand": "Dapoer Kitchen",
      "units": 11,
      "revenue": 273119,
      "cost": 158434
    },
    {
      "orderId": "ORD-00072",
      "date": "2025-02-12",
      "region": "Kalimantan",
      "channel": "Retail",
      "category": "Makanan Pedas",
      "product": "Keripik Pedas",
      "brand": "Kriuk Snack",
      "units": 5,
      "revenue": 129750,
      "cost": 69591
    },
    {
      "orderId": "ORD-00073",
      "date": "2025-02-04",
      "region": "Jakarta",
      "channel": "Marketplace",
      "category": "Makanan Berat",
      "product": "Bento",
      "brand": "Segar Co.",
      "units": 11,
      "revenue": 137742,
      "cost": 87727
    },
    {
      "orderId": "ORD-00074",
      "date": "2025-03-01",
      "region": "Jawa Timur",
      "channel": "Marketplace",
      "category": "Makanan Berkuah",
      "product": "Laksa Cup",
      "brand": "Dapoer Kitchen",
      "units": 8,
      "revenue": 110128,
      "cost": 79093
    },
    {
      "orderId": "ORD-00075",
      "date": "2025-01-03",
      "region": "Jakarta",
      "channel": "Marketplace",
      "category": "Makanan Pedas",
      "product": "Basreng",
      "brand": "Dapoer Kitchen",
      "units": 5,
      "revenue": 180395,
      "cost": 67276
    },
    {
      "orderId": "ORD-00076",
      "date": "2025-04-28",
      "region": "Sumatera",
      "channel": "Retail",
      "category": "Makanan Manis",
      "product": "Puding Cup",
      "brand": "Kriuk Snack",
      "units": 4,
      "revenue": 43556,
      "cost": 22843
    },
    {
      "orderId": "ORD-00077",
      "date": "2025-03-19",
      "region": "Jawa Timur",
      "channel": "Retail",
      "category": "Minuman",
      "product": "Sari Buah",
      "brand": "Rasa Food",
      "units": 11,
      "revenue": 227370,
      "cost": 98649
    },
    {
      "orderId": "ORD-00078",
      "date": "2025-02-20",
      "region": "Sumatera",
      "channel": "Marketplace",
      "category": "Makanan Berkuah",
      "product": "Ramen Cup",
      "brand": "Segar Co.",
      "units": 1,
      "revenue": 16424,
      "cost": 7407
    },
    {
      "orderId": "ORD-00079",
      "date": "2025-02-23",
      "region": "Jawa Timur",
      "channel": "Retail",
      "category": "Makanan Manis",
      "product": "Donat Mini",
      "brand": "Nusantara Bites",
      "units": 6,
      "revenue": 183888,
      "cost": 81798
    },
    {
      "orderId": "ORD-00080",
      "date": "2025-01-16",
      "region": "Jawa Timur",
      "channel": "Marketplace",
      "category": "Makanan Berat",
      "product": "Burger Mini",
      "brand": "Nusantara Bites",
      "units": 4,
      "revenue": 27072,
      "cost": 18772
    },
    {
      "orderId": "ORD-00081",
      "date": "2025-02-19",
      "region": "Jakarta",
      "channel": "Marketplace",
      "category": "Makanan Berkuah",
      "product": "Soto Instan",
      "brand": "Segar Co.",
      "units": 10,
      "revenue": 110060,
      "cost": 60246
    },
    {
      "orderId": "ORD-00082",
      "date": "2025-01-07",
      "region": "Jawa Timur",
      "channel": "Online",
      "category": "Makanan Berkuah",
      "product": "Bakso Kuah",
      "brand": "Kriuk Snack",
      "units": 11,
      "revenue": 271898,
      "cost": 168968
    },
    {
      "orderId": "ORD-00083",
      "date": "2025-01-25",
      "region": "Sumatera",
      "channel": "Distributor",
      "category": "Makanan Pedas",
      "product": "Basreng",
      "brand": "Segar Co.",
      "units": 6,
      "revenue": 204192,
      "cost": 125635
    },
    {
      "orderId": "ORD-00084",
      "date": "2025-01-07",
      "region": "Jawa Barat",
      "channel": "Online",
      "category": "Minuman",
      "product": "Yogurt Drink",
      "brand": "Kriuk Snack",
      "units": 12,
      "revenue": 209556,
      "cost": 101689
    },
    {
      "orderId": "ORD-00085",
      "date": "2025-01-22",
      "region": "Jakarta",
      "channel": "Retail",
      "category": "Makanan Berkuah",
      "product": "Tom Yum Cup",
      "brand": "Nusantara Bites",
      "units": 8,
      "revenue": 265504,
      "cost": 144113
    },
    {
      "orderId": "ORD-00086",
      "date": "2025-02-08",
      "region": "Sumatera",
      "channel": "Retail",
      "category": "Makanan Berkuah",
      "product": "Soto Instan",
      "brand": "Rasa Food",
      "units": 8,
      "revenue": 340192,
      "cost": 214524
    },
    {
      "orderId": "ORD-00087",
      "date": "2025-03-06",
      "region": "Jakarta",
      "channel": "Retail",
      "category": "Makanan Pedas",
      "product": "Makaroni Pedas",
      "brand": "Nusantara Bites",
      "units": 8,
      "revenue": 336560,
      "cost": 140012
    },
    {
      "orderId": "ORD-00088",
      "date": "2025-02-01",
      "region": "Jawa Barat",
      "channel": "Retail",
      "category": "Makanan Manis",
      "product": "Donat Mini",
      "brand": "Rasa Food",
      "units": 2,
      "revenue": 34896,
      "cost": 15793
    },
    {
      "orderId": "ORD-00089",
      "date": "2025-04-14",
      "region": "Jawa Timur",
      "channel": "Distributor",
      "category": "Makanan Berkuah",
      "product": "Ramen Cup",
      "brand": "Segar Co.",
      "units": 10,
      "revenue": 192470,
      "cost": 132719
    },
    {
      "orderId": "ORD-00090",
      "date": "2025-02-18",
      "region": "Sulawesi",
      "channel": "Retail",
      "category": "Makanan Manis",
      "product": "Donat Mini",
      "brand": "Segar Co.",
      "units": 5,
      "revenue": 140820,
      "cost": 81061
    },
    {
      "orderId": "ORD-00091",
      "date": "2025-03-29",
      "region": "Jawa Timur",
      "channel": "Retail",
      "category": "Makanan Berkuah",
      "product": "Laksa Cup",
      "brand": "Kriuk Snack",
      "units": 9,
      "revenue": 366147,
      "cost": 227011
    },
    {
      "orderId": "ORD-00092",
      "date": "2025-02-21",
      "region": "Jawa Barat",
      "channel": "Marketplace",
      "category": "Makanan Berat",
      "product": "Burger Mini",
      "brand": "Nusantara Bites",
      "units": 11,
      "revenue": 387409,
      "cost": 219504
    },
    {
      "orderId": "ORD-00093",
      "date": "2025-04-01",
      "region": "Jakarta",
      "channel": "Marketplace",
      "category": "Makanan Berat",
      "product": "Pasta Cup",
      "brand": "Rasa Food",
      "units": 8,
      "revenue": 355848,
      "cost": 207193
    },
    {
      "orderId": "ORD-00094",
      "date": "2025-02-01",
      "region": "Sumatera",
      "channel": "Marketplace",
      "category": "Makanan Manis",
      "product": "Waffle",
      "brand": "Dapoer Kitchen",
      "units": 2,
      "revenue": 41332,
      "cost": 16380
    },
    {
      "orderId": "ORD-00095",
      "date": "2025-01-01",
      "region": "Jakarta",
      "channel": "Online",
      "category": "Makanan Berat",
      "product": "Bento",
      "brand": "Rasa Food",
      "units": 3,
      "revenue": 63726,
      "cost": 38474
    },
    {
      "orderId": "ORD-00096",
      "date": "2025-03-09",
      "region": "Sulawesi",
      "channel": "Distributor",
      "category": "Makanan Berkuah",
      "product": "Ramen Cup",
      "brand": "Rasa Food",
      "units": 11,
      "revenue": 381337,
      "cost": 243528
    },
    {
      "orderId": "ORD-00097",
      "date": "2025-02-19",
      "region": "Jawa Timur",
      "channel": "Retail",
      "category": "Makanan Berat",
      "product": "Rice Bowl",
      "brand": "Rasa Food",
      "units": 5,
      "revenue": 103260,
      "cost": 68506
    },
    {
      "orderId": "ORD-00098",
      "date": "2025-02-05",
      "region": "Jawa Timur",
      "channel": "Marketplace",
      "category": "Makanan Berat",
      "product": "Wrap",
      "brand": "Kriuk Snack",
      "units": 6,
      "revenue": 131298,
      "cost": 75934
    },
    {
      "orderId": "ORD-00099",
      "date": "2025-04-01",
      "region": "Jakarta",
      "channel": "Marketplace",
      "category": "Minuman",
      "product": "Kopi Susu",
      "brand": "Kriuk Snack",
      "units": 11,
      "revenue": 154792,
      "cost": 56746
    },
    {
      "orderId": "ORD-00100",
      "date": "2025-01-30",
      "region": "Jakarta",
      "channel": "Distributor",
      "category": "Makanan Manis",
      "product": "Donat Mini",
      "brand": "Kriuk Snack",
      "units": 11,
      "revenue": 371888,
      "cost": 233378
    },
    {
      "orderId": "ORD-00101",
      "date": "2025-04-02",
      "region": "Sulawesi",
      "channel": "Distributor",
      "category": "Makanan Manis",
      "product": "Brownies",
      "brand": "Kriuk Snack",
      "units": 7,
      "revenue": 208208,
      "cost": 115508
    },
    {
      "orderId": "ORD-00102",
      "date": "2025-01-27",
      "region": "Sulawesi",
      "channel": "Online",
      "category": "Makanan Berat",
      "product": "Burger Mini",
      "brand": "Kriuk Snack",
      "units": 8,
      "revenue": 153072,
      "cost": 81765
    },
    {
      "orderId": "ORD-00103",
      "date": "2025-04-08",
      "region": "Jawa Barat",
      "channel": "Distributor",
      "category": "Makanan Pedas",
      "product": "Cimol Pedas",
      "brand": "Segar Co.",
      "units": 5,
      "revenue": 65715,
      "cost": 41767
    },
    {
      "orderId": "ORD-00104",
      "date": "2025-02-23",
      "region": "Jawa Barat",
      "channel": "Marketplace",
      "category": "Minuman",
      "product": "Kopi Susu",
      "brand": "Kriuk Snack",
      "units": 11,
      "revenue": 64328,
      "cost": 40824
    },
    {
      "orderId": "ORD-00105",
      "date": "2025-03-18",
      "region": "Jawa Barat",
      "channel": "Online",
      "category": "Makanan Manis",
      "product": "Brownies",
      "brand": "Rasa Food",
      "units": 3,
      "revenue": 99666,
      "cost": 36433
    },
    {
      "orderId": "ORD-00106",
      "date": "2025-04-04",
      "region": "Sumatera",
      "channel": "Distributor",
      "category": "Makanan Pedas",
      "product": "Cimol Pedas",
      "brand": "Nusantara Bites",
      "units": 2,
      "revenue": 22402,
      "cost": 14102
    },
    {
      "orderId": "ORD-00107",
      "date": "2025-01-05",
      "region": "Sulawesi",
      "channel": "Marketplace",
      "category": "Makanan Pedas",
      "product": "Makaroni Pedas",
      "brand": "Nusantara Bites",
      "units": 5,
      "revenue": 154065,
      "cost": 92707
    },
    {
      "orderId": "ORD-00108",
      "date": "2025-01-11",
      "region": "Jakarta",
      "channel": "Online",
      "category": "Makanan Manis",
      "product": "Biskuit",
      "brand": "Rasa Food",
      "units": 5,
      "revenue": 56460,
      "cost": 25714
    },
    {
      "orderId": "ORD-00109",
      "date": "2025-04-09",
      "region": "Sumatera",
      "channel": "Distributor",
      "category": "Minuman",
      "product": "Kopi Susu",
      "brand": "Segar Co.",
      "units": 5,
      "revenue": 90850,
      "cost": 34189
    },
    {
      "orderId": "ORD-00110",
      "date": "2025-01-25",
      "region": "Kalimantan",
      "channel": "Marketplace",
      "category": "Makanan Pedas",
      "product": "Basreng",
      "brand": "Segar Co.",
      "units": 6,
      "revenue": 179226,
      "cost": 102373
    },
    {
      "orderId": "ORD-00111",
      "date": "2025-01-06",
      "region": "Jawa Barat",
      "channel": "Marketplace",
      "category": "Makanan Berat",
      "product": "Bento",
      "brand": "Rasa Food",
      "units": 7,
      "revenue": 57988,
      "cost": 33360
    },
    {
      "orderId": "ORD-00112",
      "date": "2025-04-26",
      "region": "Sulawesi",
      "channel": "Online",
      "category": "Makanan Berkuah",
      "product": "Ramen Cup",
      "brand": "Nusantara Bites",
      "units": 10,
      "revenue": 282210,
      "cost": 154652
    },
    {
      "orderId": "ORD-00113",
      "date": "2025-04-29",
      "region": "Jawa Timur",
      "channel": "Distributor",
      "category": "Minuman",
      "product": "Teh Botol",
      "brand": "Dapoer Kitchen",
      "units": 5,
      "revenue": 68725,
      "cost": 24132
    },
    {
      "orderId": "ORD-00114",
      "date": "2025-03-02",
      "region": "Jawa Barat",
      "channel": "Online",
      "category": "Makanan Berat",
      "product": "Rice Bowl",
      "brand": "Segar Co.",
      "units": 12,
      "revenue": 438264,
      "cost": 310096
    },
    {
      "orderId": "ORD-00115",
      "date": "2025-04-29",
      "region": "Sumatera",
      "channel": "Retail",
      "category": "Makanan Berkuah",
      "product": "Tom Yum Cup",
      "brand": "Nusantara Bites",
      "units": 8,
      "revenue": 143912,
      "cost": 65099
    },
    {
      "orderId": "ORD-00116",
      "date": "2025-04-21",
      "region": "Jawa Barat",
      "channel": "Distributor",
      "category": "Makanan Pedas",
      "product": "Seblak Kering",
      "brand": "Dapoer Kitchen",
      "units": 6,
      "revenue": 217182,
      "cost": 99590
    },
    {
      "orderId": "ORD-00117",
      "date": "2025-04-07",
      "region": "Jawa Barat",
      "channel": "Marketplace",
      "category": "Makanan Berat",
      "product": "Wrap",
      "brand": "Rasa Food",
      "units": 3,
      "revenue": 66621,
      "cost": 37314
    },
    {
      "orderId": "ORD-00118",
      "date": "2025-01-21",
      "region": "Kalimantan",
      "channel": "Distributor",
      "category": "Makanan Manis",
      "product": "Waffle",
      "brand": "Nusantara Bites",
      "units": 7,
      "revenue": 90265,
      "cost": 58343
    },
    {
      "orderId": "ORD-00119",
      "date": "2025-02-23",
      "region": "Jawa Barat",
      "channel": "Online",
      "category": "Minuman",
      "product": "Teh Botol",
      "brand": "Kriuk Snack",
      "units": 8,
      "revenue": 218056,
      "cost": 139912
    },
    {
      "orderId": "ORD-00120",
      "date": "2025-03-21",
      "region": "Sumatera",
      "channel": "Marketplace",
      "category": "Makanan Pedas",
      "product": "Makaroni Pedas",
      "brand": "Rasa Food",
      "units": 11,
      "revenue": 235356,
      "cost": 135187
    }
  ]
}